<record xmlns="http://www.loc.gov/MARC21/slim" xmlns:xsi="http://www.w3.org/2001/XMLSchema-instance" xsi:schemaLocation="http://www.loc.gov/MARC21/slim http://www.loc.gov/standards/marcxml/schema/MARC21slim.xsd"><leader>03063nam a2200397   4500</leader><controlfield tag="001">2950259</controlfield><controlfield tag="003">NIC</controlfield><controlfield tag="006">m        d        </controlfield><controlfield tag="007">cr cn |||m|||a</controlfield><controlfield tag="008">150223q19001997ua      o     000 0 ara d</controlfield><datafield ind1=" " ind2=" " tag="040"><subfield code="a">NNU</subfield><subfield code="b">eng</subfield><subfield code="c">NNU</subfield></datafield><datafield ind1=" " ind2="4" tag="050"><subfield code="a">PJ6161</subfield></datafield><datafield ind1="1" ind2=" " tag="100"><subfield code="6">880-01</subfield><subfield code="a">Minya&#772;wi&#772;, Makhlu&#772;f ibn Muh&#803;ammad,</subfield><subfield code="d">-1878.</subfield></datafield><datafield ind1="1" ind2="0" tag="245"><subfield code="6">880-02</subfield><subfield code="a">H&#803;a&#772;shiyat al-fa&#772;d&#803;il al-shahi&#772;r ... Makhlu&#772;f al-Minya&#772;wi&#772; &#699;ala&#769; Sharh&#803; ... Ah&#803;mad al-Damanhu&#772;ri&#772; li-matn al-Ima&#772;m al-Akhd&#803;ari&#772; al-musamma&#769; bi-al-Jawhar al-maknu&#772;n fi&#772; al-ma&#699;a&#772;ni&#772; wa-al-baya&#772;n wa-al-badi&#772;&#699;</subfield><subfield code="h">[electronic resource] /</subfield><subfield code="c">Makhlu&#772;f al-Minya&#772;wi&#772;. Wa-bi-a&#699;la&#769; al-s&#803;ah&#803;i&#772;fah Sharh&#803; al-jawhar al-maknu&#772;n ... / Ah&#803;mad al-Damanhu&#772;ri&#772;.</subfield></datafield><datafield ind1="1" ind2="3" tag="246"><subfield code="6">880-03</subfield><subfield code="a">Sharh&#803; al-jawhar al-maknu&#772;n</subfield></datafield><datafield ind1=" " ind2=" " tag="260"><subfield code="6">880-04</subfield><subfield code="a">Mis&#803;r :</subfield><subfield code="b">Da&#772;r Ih&#803;ya&#772;&#700; al-kutub al-&#699;Arabi&#772;yah,</subfield><subfield code="c">[19--?]</subfield></datafield><datafield ind1=" " ind2=" " tag="300"><subfield code="a">online resource (180 p.)</subfield></datafield><datafield ind1=" " ind2=" " tag="500"><subfield code="a">Part of the Arabic Collections Online (ACO) project, contributed by Cornell University Libraries.</subfield></datafield><datafield ind1=" " ind2=" " tag="533"><subfield code="a">Electronic reproduction.</subfield><subfield code="b">New York, N.Y. :</subfield><subfield code="c">New York University,</subfield><subfield code="d">2015.</subfield><subfield code="5">NNU</subfield></datafield><datafield ind1="1" ind2="0" tag="600"><subfield code="6">880-05</subfield><subfield code="a">Akhd&#803;ari&#772;, &#699;Abd al-Rah&#803;ma&#772;n ibn Muh&#803;ammad,</subfield><subfield code="d">1512 or 1513-1575 or 1576.</subfield><subfield code="t">Jawhar al-maknu&#772;n.</subfield></datafield><datafield ind1="1" ind2="0" tag="600"><subfield code="6">880-06</subfield><subfield code="a">Damanhu&#772;ri&#772;, Ah&#803;mad ibn &#699;Abd al-Mun&#699;im.</subfield><subfield code="t">H&#803;ilyat al-lubb al-mas&#803;u&#772;n.</subfield></datafield><datafield ind1=" " ind2="0" tag="650"><subfield code="a">Arabic language</subfield><subfield code="x">Rhetoric.</subfield></datafield><datafield ind1="1" ind2="2" tag="700"><subfield code="6">880-07</subfield><subfield code="a">Damanhu&#772;ri&#772;, Ah&#803;mad ibn &#699;Abd al-Mun&#699;im.</subfield><subfield code="t">H&#803;ilyat al-lubb al-mas&#803;u&#772;n.</subfield><subfield code="f">1900.</subfield></datafield><datafield ind1="2" ind2=" " tag="710"><subfield code="a">Cornell University.</subfield><subfield code="b">Libraries.</subfield></datafield><datafield ind1="0" ind2=" " tag="730"><subfield code="a">Arabic Collections Online.</subfield></datafield><datafield ind1="0" ind2="8" tag="776"><subfield code="i">Print version:</subfield><subfield code="a">Minya&#772;wi&#772;, Makhlu&#772;f ibn Muh&#803;ammad, -1878.</subfield><subfield code="t">H&#803;a&#772;shiyat al-fa&#772;d&#803;il al-shahi&#772;r ... Makhlu&#772;f al-Minya&#772;wi&#772; &#699;ala&#769; Sharh&#803; ... Ah&#803;mad al-Damanhu&#772;ri&#772; li-matn al-Ima&#772;m al-Akhd&#803;ari&#772; al-musamma&#769; bi-al-Jawhar al-maknu&#772;n fi&#772; al-ma&#699;a&#772;ni&#772; wa-al-baya&#772;n wa-al-badi&#772;&#699;</subfield><subfield code="w">(NIC)2950259</subfield><subfield code="w">(OCoLC)64739665</subfield></datafield><datafield ind1="4" ind2="0" tag="856"><subfield code="u">http://hdl.handle.net/2333.1/2fqz637b</subfield></datafield><datafield ind1="1" ind2=" " tag="880"><subfield code="6">100-01/r</subfield><subfield code="a">&#1605;&#1606;&#1610;&#1575;&#1608;&#1610;&#1548; &#1605;&#1582;&#1604;&#1608;&#1601; &#1576;&#1606; &#1605;&#1581;&#1605;&#1583;&#1548;</subfield><subfield code="d">-1878.</subfield></datafield><datafield ind1="1" ind2="0" tag="880"><subfield code="6">245-02/r</subfield><subfield code="a">&#1581;&#1575;&#1588;&#1610;&#1577; &#1575;&#1604;&#1601;&#1575;&#1590;&#1604; &#1575;&#1604;&#1588;&#1607;&#1610;&#1585; ... &#1605;&#1582;&#1604;&#1608;&#1601; &#1575;&#1604;&#1605;&#1606;&#1610;&#1575;&#1608;&#1610; &#1593;&#1604;&#1609; &#1588;&#1585;&#1581; ... &#1575;&#1581;&#1605;&#1583; &#1575;&#1604;&#1583;&#1605;&#1606;&#1607;&#1608;&#1585;&#1610; &#1604;&#1605;&#1578;&#1606; &#1575;&#1604;&#1575;&#1605;&#1575;&#1605; &#1575;&#1604;&#1575;&#1582;&#1590;&#1585;&#1610; &#1575;&#1604;&#1605;&#1587;&#1605;&#1609; &#1576;&#1575;&#1604;&#1580;&#1608;&#1607;&#1585; &#1575;&#1604;&#1605;&#1603;&#1606;&#1608;&#1606; &#1601;&#1610; &#1575;&#1604;&#1605;&#1593;&#1575;&#1606;&#1610; &#1608;&#1575;&#1604;&#1576;&#1610;&#1575;&#1606; &#1608;&#1575;&#1604;&#1576;&#1583;&#1610;&#1593; /</subfield><subfield code="c">&#1605;&#1582;&#1604;&#1608;&#1601; &#1575;&#1604;&#1605;&#1606;&#1610;&#1575;&#1608;&#1610;. &#1608;&#1576;&#1575;&#1593;&#1604;&#1609; &#1575;&#1604;&#1589;&#1581;&#1610;&#1601;&#1577; &#1588;&#1585;&#1581; &#1575;&#1604;&#1580;&#1608;&#1607;&#1585; &#1575;&#1604;&#1605;&#1603;&#1606;&#1608;&#1606; ... / &#1575;&#1581;&#1605;&#1583; &#1575;&#1604;&#1583;&#1605;&#1606;&#1607;&#1608;&#1585;&#1610;.</subfield></datafield><datafield ind1="1" ind2="3" tag="880"><subfield code="6">246-03/r</subfield><subfield code="a">&#1588;&#1585;&#1581; &#1575;&#1604;&#1580;&#1608;&#1607;&#1585; &#1575;&#1604;&#1605;&#1603;&#1606;&#1608;&#1606;</subfield></datafield><datafield ind1=" " ind2=" " tag="880"><subfield code="6">260-04/r</subfield><subfield code="a">&#1605;&#1589;&#1585; :</subfield><subfield code="b">&#1583;&#1575;&#1585; &#1575;&#1581;&#1610;&#1575;&#1569; &#1575;&#1604;&#1603;&#1578;&#1576; &#1575;&#1604;&#1593;&#1585;&#1576;&#1610;&#1577;&#1548;</subfield><subfield code="c">[19--?]</subfield></datafield><datafield ind1="1" ind2="4" tag="880"><subfield code="6">600-05/r</subfield><subfield code="a">&#1575;&#1582;&#1590;&#1585;&#1610;&#1548; &#1593;&#1576;&#1583; &#1575;&#1604;&#1585;&#1581;&#1605;&#1606; &#1576;&#1606; &#1605;&#1581;&#1605;&#1583;&#1548;</subfield><subfield code="d">1512 or 1513-1575 or 1576.</subfield><subfield code="t">&#1580;&#1608;&#1607;&#1585; &#1575;&#1604;&#1605;&#1603;&#1606;&#1608;&#1606;.</subfield></datafield><datafield ind1="1" ind2="4" tag="880"><subfield code="6">600-06/r</subfield><subfield code="a">&#1583;&#1605;&#1606;&#1607;&#1608;&#1585;&#1610;&#1548; &#1575;&#1581;&#1605;&#1583; &#1576;&#1606; &#1593;&#1576;&#1583; &#1575;&#1604;&#1605;&#1606;&#1593;&#1605;.</subfield><subfield code="t">&#1581;&#1604;&#1610;&#1577; &#1575;&#1604;&#1604;&#1576; &#1575;&#1604;&#1605;&#1589;&#1608;&#1606;.</subfield></datafield><datafield ind1="1" ind2="2" tag="880"><subfield code="6">700-07/r</subfield><subfield code="a">&#1583;&#1605;&#1606;&#1607;&#1608;&#1585;&#1610;&#1548; &#1575;&#1581;&#1605;&#1583; &#1576;&#1606; &#1593;&#1576;&#1583; &#1575;&#1604;&#1605;&#1606;&#1593;&#1605;.</subfield><subfield code="t">&#1581;&#1604;&#1610;&#1577; &#1575;&#1604;&#1604;&#1576; &#1575;&#1604;&#1605;&#1589;&#1608;&#1606;.</subfield><subfield code="f">1900.</subfield></datafield><datafield ind1=" " ind2=" " tag="959"><subfield code="a">NNU</subfield><subfield code="b">WEB</subfield><subfield code="c">GENI</subfield><subfield code="t">0</subfield><subfield code="m">Electronic access</subfield><subfield code="s">01</subfield></datafield><datafield ind1=" " ind2=" " tag="999"><subfield code="i">NIC_2950259</subfield><subfield code="o">(OCoLC)ocm64739665</subfield><subfield code="e">ok</subfield><subfield code="s">cornell_aco000131</subfield></datafield></record>